<record><leader>00000cas a2200000 a 4500</leader><controlfield tag="001">11738740</controlfield><controlfield tag="008">850226d18541860inuwr ne      0    0eng c</controlfield><datafield ind1=" " ind2=" " tag="010"><subfield code="a">sn 85047702 </subfield></datafield><datafield ind1=" " ind2=" " tag="040"><subfield code="a">NPI</subfield><subfield code="b">eng</subfield><subfield code="c">NPI</subfield><subfield code="d">OCLCQ</subfield><subfield code="d">IUL</subfield><subfield code="d">OCLCF</subfield></datafield><datafield ind1=" " ind2=" " tag="042"><subfield code="a">pcc</subfield></datafield><datafield ind1=" " ind2=" " tag="043"><subfield code="a">n-us-in</subfield></datafield><datafield ind1="0" ind2=" " tag="130"><subfield code="a">Weekly news (Rising Sun, Ind.)</subfield></datafield><datafield ind1="1" ind2="4" tag="245"><subfield code="a">The weekly news.</subfield></datafield><datafield ind1=" " ind2=" " tag="260"><subfield code="a">Rising Sun, Ind. :</subfield><subfield code="b">Charles C. Scott</subfield></datafield><datafield ind1=" " ind2=" " tag="300"><subfield code="a">7 v. :</subfield><subfield code="b">ill. (chiefly advertisements) ;</subfield><subfield code="c">61 cm.</subfield></datafield><datafield ind1=" " ind2=" " tag="310"><subfield code="a">Weekly</subfield></datafield><datafield ind1="1" ind2=" " tag="362"><subfield code="a">Established in Feb. 1854</subfield><subfield code="z">Cf. Miller, John W. Indiana newspaper bibliog.</subfield></datafield><datafield ind1="1" ind2=" " tag="362"><subfield code="a">Ceased in Dec. 1860</subfield><subfield code="z">Cf. Miller, John W. Indiana newspaper bibliog.</subfield></datafield><datafield ind1=" " ind2=" " tag="500"><subfield code="a">In Oct. 1854, Charles C. Scott, the first editor and publisher, moved the paper to Vevay. In the summer of 1856 he sold the paper to Peter H. Hale, a fiery Democratic editorialist. Cf. Miller, John W. Indiana newspaper bibliog.</subfield></datafield><datafield ind1=" " ind2=" " tag="500"><subfield code="a">Publishers: 1854-1856, Charles C. Scott; 1856-1857, Peter H. Hale; 1857, B.F. Schench; 1857-1859, Merit W. Tague; &lt;1859&gt;, Stephen P. Drake; &lt;1860&gt;, Merit W. Tague; &lt;1860&gt;, William J. Baird.</subfield></datafield><datafield ind1=" " ind2=" " tag="500"><subfield code="a">Began as a Democratic paper, but within a few months changed to a neutral political stance, following the purchase of "the good-will of The Republican office."</subfield></datafield><datafield ind1=" " ind2=" " tag="588"><subfield code="a">Description based on: Vol. 1, no. 2 (Mar. 3, 1854); title from masthead.</subfield></datafield><datafield ind1=" " ind2=" " tag="588"><subfield code="a">Latest issue consulted: Volume VII, number 8 (May 16, 1860) = whole no. 320; U.S. Nespaper Archive (viewed Aug. 3, 2017).</subfield></datafield><datafield ind1=" " ind2="0" tag="651"><subfield code="a">Rising Sun (Ind.)</subfield><subfield code="v">Newspapers.</subfield></datafield><datafield ind1=" " ind2="0" tag="651"><subfield code="a">Vevay (Ind.)</subfield><subfield code="v">Newspapers.</subfield></datafield><datafield ind1=" " ind2="0" tag="651"><subfield code="a">Ohio County (Ind.)</subfield><subfield code="v">Newspapers.</subfield></datafield><datafield ind1=" " ind2="0" tag="651"><subfield code="a">Switzerland County (Ind.)</subfield><subfield code="v">Newspapers.</subfield></datafield><datafield ind1=" " ind2="7" tag="651"><subfield code="a">Indiana</subfield><subfield code="z">Ohio County.</subfield><subfield code="2">fast</subfield><subfield code="0">(OCoLC)fst01215239</subfield></datafield><datafield ind1=" " ind2="7" tag="651"><subfield code="a">Indiana</subfield><subfield code="z">Rising Sun.</subfield><subfield code="2">fast</subfield><subfield code="0">(OCoLC)fst01257705</subfield></datafield><datafield ind1=" " ind2="7" tag="651"><subfield code="a">Indiana</subfield><subfield code="z">Switzerland County.</subfield><subfield code="2">fast</subfield><subfield code="0">(OCoLC)fst01228481</subfield></datafield><datafield ind1=" " ind2="7" tag="651"><subfield code="a">Indiana</subfield><subfield code="z">Vevay.</subfield><subfield code="2">fast</subfield><subfield code="0">(OCoLC)fst01257089</subfield></datafield><datafield ind1=" " ind2="7" tag="655"><subfield code="a">Newspapers.</subfield><subfield code="2">fast</subfield><subfield code="0">(OCoLC)fst01423814</subfield></datafield><datafield ind1=" " ind2=" " tag="752"><subfield code="a">United States</subfield><subfield code="b">Indiana</subfield><subfield code="c">Ohio</subfield><subfield code="d">Rising Sun.</subfield></datafield><datafield ind1=" " ind2=" " tag="752"><subfield code="a">United States</subfield><subfield code="b">Indiana</subfield><subfield code="c">Switzerland</subfield><subfield code="d">Vevay.</subfield></datafield><datafield ind1="0" ind2="0" tag="780"><subfield code="t">Neutral pennant</subfield><subfield code="w">(DLC)sn 85047701</subfield><subfield code="w">(OCoLC)11738592</subfield></datafield><datafield ind1="0" ind2="7" tag="785"><subfield code="t">Indiana reveille (Vevay, Ind. : 1857)</subfield><subfield code="w">(DLC)sn 85047729</subfield><subfield code="w">(OCoLC)11833701</subfield></datafield><datafield ind1="0" ind2="7" tag="785"><subfield code="t">Reveille and news (Vevay, Ind.)</subfield><subfield code="w">(DLC)sn 85047730</subfield><subfield code="w">(OCoLC)11833428</subfield></datafield><datafield ind1="4" ind2="1" tag="856"><subfield code="u">https://access.newspaperarchive.com/us/indiana/vevay/vevay-weekly-news/</subfield></datafield></record>